@INPROCEEDINGS{Survey, 
author={Ahmad, S.}, 
booktitle={Emerging Trends in Networks and Computer Communications (ETNCC), 2011 International Conference on}, 
title={Smart metering and home automation solutions for the next decade}, 
year={2011}, 
month={April}, 
pages={200-204}, 
keywords={automatic meter reading;carrier transmission on power lines;home automation;local area networks;power meters;Australia;Italy;USA;Z-Wave;ZigBee;advanced metering infrastructure;distribution line carrier;efficient energy utilization;electrical sector;energy accounting;home area network;home automation solutions;information and communications technology;restructured accelerated power development & reform program;short distance radio frequency technologies;smart metering;Electricity;Home appliances;Home automation;Local area networks;Wireless communication;Zigbee;Advanced Metering Infrastructure (AMI);Distribution Line Communication (DLC);In Home Displays (IHD);Two Way Automatic Communications System (TWACS)}, 
doi={10.1109/ETNCC.2011.5958516},}


@INPROCEEDINGS{SmartZheng,
author={Jixuan Zheng and Gao, D.W. and Li Lin},
booktitle={Green Technologies Conference, 2013 IEEE},
title={Smart Meters in Smart Grid: An Overview},
year={2013},
month={April},
pages={57-64},
keywords={energy consumption;smart meters;smart power grids;communication technologies;control devices;energy consumption;energy meter;power line carrier;smart grid;smart meter system;Mesh Technology;Power Line Carrier (PLC);Radio Frequency (RF);Value Proposition;policy objective;smart meter},
doi={10.1109/GreenTech.2013.17},
ISSN={2166-546X},}

@INPROCEEDINGS{nilm,
author={Duarte, C. and Delmar, P. and Goossen, K.W. and Barner, K. and Gomez-Luna, E.},
booktitle={Future of Instrumentation International Workshop (FIIW), 2012},
title={Non-intrusive load monitoring based on switching voltage transients and wavelet transforms},
year={2012},
month={Oct},
pages={1-4},
keywords={Fourier transforms;domestic appliances;power engineering computing;power system measurement;support vector machines;wavelet transforms;CWT analysis;NILM system;STFT;SVM;classification accuracy;commercial transient-based NILM;complex Morlet wavelet;continuous wavelet transform analysis;feature vectors;household appliances;nonintrusive load monitoring;short-time Fourier transform;support vector machines;switching voltage transients;wavelet transforms;Continuous wavelet transforms;Home appliances;Support vector machine classification;Transient analysis;Nonintrusive load monitoring;Wavelet transform;complex Morlet wavelet;short time Fourier transform;support vector machine;switching transients;transient analysis},
doi={10.1109/FIIW.2012.6378333},}

@ARTICLE{nilm4,
author={Jian Liang and Ng, Simon K.K. and Kendall, G. and Cheng, John W.M.},
journal={Power Delivery, IEEE Transactions on},
title={Load Signature Study - Part 1: Basic Concept, Structure, and Methodology},
year={2010},
month={April},
volume={25},
number={2},
pages={551-560},
keywords={load (electric);mathematical programming;neural nets;power consumption;power engineering computing;artificial neural network;committee decision mechanism;electricity consumption patterns;feature extraction;intelligent computing;load disaggregation;load signature;mathematical programming techniques;pattern recognition tools;smart metering;Artificial neural network;committee decision mechanism;electric-load intelligence;load disaggregation;load signature;smart metering},
doi={10.1109/TPWRD.2009.2033799},
ISSN={0885-8977},}

@misc{GEmeter,
title = {SGM300 residential meter},
URL = {"https://www.gedigitalenergy.com/smartmetering "}}


@misc{EnergyAtHome,
title = {Energy@home},
URL = {"http://www.energy-home.it "}}

@ARTICLE{NILM1,
author={Drenker, S. and Kader, A.},
journal={Computer Applications in Power, IEEE},
title={Nonintrusive monitoring of electric loads},
year={1999},
month={Oct},
volume={12},
number={4},
pages={47-51},
doi={10.1109/67.795138},
ISSN={0895-0156},}


@ARTICLE{NILM2,
author={Laughman, C. and Kwangduk Lee and Cox, R. and Shaw, S. and Leeb, S. and Norford, L. and Armstrong, P.},
journal={Power and Energy Magazine, IEEE},
title={Power signature analysis},
year={2003},
month={Mar},
volume={1},
number={2},
pages={56-63},
doi={10.1109/MPAE.2003.1192027},
ISSN={1540-7977},}


@ARTICLE{Por14Mejo,
    author = {Porcarelli, Danilo and Brunelli, Davide and Benini, Luca},
  keywords = {Current sensing, energy harvesting, smart metering, wireless sensor networks},
     month = dec,
     title = {Clamp-and-Forget: a self-sustainable non-invasive wireless sensor node for smart metering applications},
   journal = {Microelectronics Journal},
    volume = {45},
    number = {12},
      year = {2014},
     pages = {1671-1678},
      issn = {0026-2692},
       url = {http://www.sciencedirect.com/science/article/pii/S0026269214001785},
       doi = {10.1016/j.mejo.2014.05.019},
}


@INPROCEEDINGS{6576071,
author={Porcarelli, D. and Brunelli, D. and Benini, L.},
booktitle={Advances in Sensors and Interfaces (IWASI), 2013 5th IEEE International Workshop on},
title={Clamp-and-measure forever: A MOSFET-based circuit for energy harvesting and measurement targeted for power meters},
year={2013},
month={June},
pages={205-210},
doi={10.1109/IWASI.2013.6576071},}

@INPROCEEDINGS{6513687,
author={Porcarelli, Danilo and Balsamo, Domenico and Brunelli, Davide and Paci, Giacomo},
booktitle={Design, Automation Test in Europe Conference Exhibition (DATE), 2013},
title={Perpetual and low-cost power meter for monitoring residential and industrial appliances},
year={2013},
month={March},
pages={1155-1160},
keywords={Current measurement;Energy measurement;Home appliances;Monitoring;Power measurement;Wireless communication;Wireless sensor networks;Wireless sensor networks;active ORing;energy harvesting;energy measuring;smart metering},
doi={10.7873/DATE.2013.241},
ISSN={1530-1591},}


@ARTICLE{nilm6,
author={Jian Liang and Ng, Simon K.K. and Kendall, John W.M., G. and Cheng},
journal={Power Delivery, IEEE Transactions on},
title={Load Signature Study - Part 2: Disaggregation Framework, Simulation, and Applications},
year={2010},
month={April},
volume={25},
number={2},
pages={561-569},
keywords={Monte Carlo methods;domestic appliances;load management;power consumption;sensitivity analysis;Monte Carlo simulations;appliance usage tacking;committee decision mechanisms;electricity consumption patterns;energy consumption;load disaggregation algorithms;load signatures;random switching simulators;sensitivity analysis;Committee decision mechanism;Monte Carlo methods;electric-load intelligence;load disaggregation;load signature;smart metering},
doi={10.1109/TPWRD.2009.2033800},
ISSN={0885-8977},}

@inproceedings{nilm5,
 author = {Gupta, Sidhant and Reynolds, Matthew S. and Patel, Shwetak N.},
 title = {ElectriSense: Single-point Sensing Using EMI for Electrical Event Detection and Classification in the Home},
 booktitle = {Proceedings of the 12th ACM International Conference on Ubiquitous Computing},
 series = {Ubicomp '10},
 year = {2010},
 isbn = {978-1-60558-843-8},
 location = {Copenhagen, Denmark},
 pages = {139--148},
 numpages = {10},
 url = {http://doi.acm.org/10.1145/1864349.1864375},
 doi = {10.1145/1864349.1864375},
 acmid = {1864375},
 publisher = {ACM},
 address = {New York, NY, USA},
 keywords = {activity recognition, activity sensing, energy monitoring, infrastructure-mediated sensing},} 
 
 
@INPROCEEDINGS{date,
author={Porcarelli, Danilo and Balsamo, Domenico and Brunelli, Davide and Paci, Giacomo},
booktitle={Design, Automation Test in Europe Conference Exhibition (DATE), 2013},
title={Perpetual and low-cost power meter for monitoring residential and industrial appliances},
year={2013},
month={March},
pages={1155-1160},
keywords={Current measurement;Energy measurement;Home appliances;Monitoring;Power measurement;Wireless communication;Wireless sensor networks;Wireless sensor networks;active ORing;energy harvesting;energy measuring;smart metering},
doi={10.7873/DATE.2013.241},
ISSN={1530-1591},}


@article{NMF_Lee_Seung,
  added-at = {2009-09-09T09:12:51.000+0200},
  author = {Lee, Daniel D. and Seung, H. Sebastian},
  biburl = {http://www.bibsonomy.org/bibtex/2ba1100135fbba9782a6052b95e6f9b05/folke},
  interhash = {b293699f3a0541bd6fb1b10d7f9410ac},
  intrahash = {ba1100135fbba9782a6052b95e6f9b05},
  journal = {Nature},
  key = {Lee and Seung},
  keywords = {clustering factorization matrix multi toread view},
  pages = {788--791},
  timestamp = {2009-09-09T09:12:51.000+0200},
  title = {Learning the parts of objects by nonnegative matrix factorization},
  volume = 401,
  year = 1999
}
@incollection{Virtanen_BSS,
year={2006},
isbn={978-0-387-30667-4},
booktitle={Signal Processing Methods for Music Transcription},
editor={Klapuri, Anssi and Davy, Manuel},
doi={10.1007/0-387-32845-9_9},
title={Unsupervised Learning Methods for Source Separation in Monaural Music Signals},
url={http://dx.doi.org/10.1007/0-387-32845-9_9},
publisher={Springer US},
author={Virtanen, Tuomas},
pages={267-296},
language={English}
}

@incollection{NMF_optimization,
title = {Algorithms for Non-negative Matrix Factorization},
author = {Daniel D. Lee and H. Sebastian Seung},
booktitle = {Advances in Neural Information Processing Systems 13},
editor = {T.K. Leen and T.G. Dietterich and V. Tresp},
pages = {556--562},
year = {2001},
publisher = {MIT Press},
url = {http://papers.nips.cc/paper/1861-algorithms-for-non-negative-matrix-factorization.pdf}
}

@article{NMF_IS_divergence,
  author = {C.~Févotte and N.~Bertin and J.-L.~Durrieu} ,
  title = {Nonnegative matrix factorization with the Itakura-Saito divergence. With application to music analysis},
  journal = {Neural Computation},
  month = {Mar.},
  year = {2009},
  volume = {21},
  number = {3},
  pages = {793-830},
  url = {http://www.unice.fr/cfevotte/publications/journals/neco09_is-nmf.pdf},
  doi = {http://dx.doi.org/10.1162/neco.2008.04-08-771}
}

@ARTICLE{load_signature_study_I,
author={Jian Liang and Ng, Simon K.K. and Kendall, G. and Cheng, John W.M.},
journal={Power Delivery, IEEE Transactions on},
title={Load Signature Study #x2014;Part I: Basic Concept, Structure, and Methodology},
year={2010},
month={April},
volume={25},
number={2},
pages={551-560},
doi={10.1109/TPWRD.2009.2033799},
ISSN={0885-8977}
}

@inproceedings{singh2014survey,
  title={A survey of Internet-of-Things: Future vision, architecture, challenges and services},
  author={Singh, Dhananjay and Tripathi, Gaurav and Jara, Antonio J},
  booktitle={Internet of Things (WF-IoT), 2014 IEEE World Forum on},
  pages={287--292},
  year={2014},
  organization={IEEE}
}

@article{atzori2010internet,
  title={The internet of things: A survey},
  author={Atzori, Luigi and Iera, Antonio and Morabito, Giacomo},
  journal={Computer networks},
  volume={54},
  number={15},
  pages={2787--2805},
  year={2010},
  publisher={Elsevier}
}

@inproceedings{derhamy2015survey,
  title={A survey of commercial frameworks for the Internet of Things},
  author={Derhamy, Hasan and Eliasson, Jens and Delsing, Jerker and Priller, Peter},
  booktitle={Emerging Technologies \& Factory Automation (ETFA), 2015 IEEE 20th Conference on},
  pages={1--8},
  year={2015},
  organization={IEEE}
}

@inproceedings{blomstedt2014arrowhead,
  title={The arrowhead approach for SOA application development and documentation},
  author={Blomstedt, Fredrik and Ferreira, Luis Lino and Klisics, Markus and Chrysoulas, Christos and Martinez de Soria, Iker and Morin, Brice and Zabasta, Anatolijs and Eliasson, Jens and Johansson, Mats and Varga, Pal},
  booktitle={Industrial Electronics Society, IECON 2014-40th Annual Conference of the IEEE},
  pages={2631--2637},
  year={2014},
  organization={IEEE}
}

@inproceedings{ferreira2014arrowhead,
  title={Arrowhead Compliant Virtual Market of Energy},
  author={Ferreira, Luis Lino and Siksnys, Laurynas and Pedersen, Peder and Stluka, Petr and Chrysoulas, Christos and Le Guilly, Thibaut and Albano, Michele and Skou, Ame and Teixeira, C{\'e}sar and Pedersen, Torben},
  booktitle={Emerging Technology and Factory Automation (ETFA), 2014 IEEE},
  pages={1--8},
  year={2014},
  organization={IEEE}
}

@inproceedings{derhamy2015translation,
  title={Translation error handling for multi-protocol SOA systems},
  author={Derhamy, Hasan and Eliasson, Jens and Delsing, Jerker and Pereira, Pablo Pu{\~n}al and Varga, Pal},
  booktitle={Emerging Technologies and Factory Automation (ETFA), 2015 IEEE 20th Conference on},
  pages={1--8},
  year={2015},
  organization={IEEE}
}

@inproceedings{boutin2014energy,
  title={Energy optimisation using analytics and coordination, the example of lifts},
  author={Boutin, V{\'e}ronique and Desdouits, Chloe and Louvel, Maxime and Pacull, Francois and Vergara-Gallego, Maria Isabel and Yaakoubi, Oussama and Chomel, Cedric and Crignon, Quentin and Duhoux, Christophe and Genon-Catalot, Denis and others},
  booktitle={Emerging Technology and Factory Automation (ETFA), 2014 IEEE},
  pages={1--8},
  year={2014},
  organization={IEEE}
}

@inproceedings{jerker2015arrow,
  title={Arrowhead Framework: an interoperability platform for IoT based automation systems (submitted paper)},
  author={Delsing, Jerker and Eliasson, Jens and Varga, Pal and Pu\~{n}al Pereira, Pablo and Derhamy, Hasan and Ferreira, Luis Lino and Albano, Michele and Carlsson, Oscar and Jansson, Ove},
  booktitle={Proceedings of the IEEE},
  pages={1--8},
  year={2015},
  organization={IEEE}
}

@inproceedings{jerker2015sos,
  title={Making system of systems interoperable - the core components of the arrowhead technology framework (accepted for publication)},
  author={Varga, Pal and Blomstedt, Fredrik and Ferreira, Luis Lino and Eliasson, Jens and Johansson, Mats and Delsing Jerker},
  booktitle={IEEE Internet of Things Journal},
  pages={1--8},
  year={2015},
  organization={IEEE}
}

@misc{arrowhead,
  title = {Artemis Arrowhead Project},
  howpublished = {\url{http://www.arrowhead.eu/}},
  note = {Accessed: 2015-11-30}
}

@misc{alljoyn,
  title = {AllJoyn Framework},
  howpublished = {\url{https://allseenalliance.org/framework/documentation}},
  note = {Accessed: 2015-11-30}
}

@misc{cumulocity,
  title = {Cumulocity Framework},
  howpublished = {\url{https://www.cumulocity.com/}},
  note = {Accessed: 2015-11-30}
}

@misc{bluetooth,
  title = {Specification Documents. Bluetooth SIG.},
  note = {Accessed: 2012-05-03.}
}

@misc{wibree,
  title = {Wibree forum merges with Bluetooth SIG.},
  howpublished = {Nokia, 12 June 2007.}
}

@ARTICLE{Capua2007, 
author={De Capua, C. and Romeo, E.}, 
journal={Instrumentation and Measurement, IEEE Transactions on}, 
title={A Smart THD Meter Performing an Original Uncertainty Evaluation Procedure}, 
year={2007}, 
month={Aug}, 
volume={56}, 
number={4}, 
pages={1257-1264}, 
doi={10.1109/TIM.2007.899895}, 
ISSN={0018-9456},}


@ARTICLE{Rietveld2015, 
author={Rietveld, G. and Braun, J. and Martin, R. and Wright, P. and Heins, W. and Ell, N. and Clarkson, P. and Zisky, N.}, 
journal={Instrumentation and Measurement, IEEE Transactions on}, 
title={Measurement Infrastructure to Support the Reliable Operation of Smart Electrical Grids}, 
year={2015}, 
month={June}, 
volume={64}, 
number={6}, 
pages={1355-1363}, 
doi={10.1109/TIM.2015.2406056}, 
ISSN={0018-9456},}


@ARTICLE{Adami2014, 
author={Adamo, F. and Attivissimo, F. and Cavone, G. and Di Nisio, A. and Spadavecchia, M.}, 
journal={Instrumentation and Measurement, IEEE Transactions on}, 
title={Channel Characterization of an Open Source Energy Meter}, 
year={2014}, 
month={May}, 
volume={63}, 
number={5}, 
pages={1106-1115}, 
doi={10.1109/TIM.2013.2286959}, 
ISSN={0018-9456},}


@ARTICLE{Sira2015, 
author={Sira, M. and Zachovalova, V.N.}, 
journal={Instrumentation and Measurement, IEEE Transactions on}, 
title={System for Calibration of Nonintrusive Load Meters With Load Identification Ability}, 
year={2015}, 
month={June}, 
volume={64}, 
number={6}, 
pages={1350-1354}, 
doi={10.1109/TIM.2015.2399021}, 
ISSN={0018-9456},}


@ARTICLE{Liu2014, 
author={Junqi Liu and Ponci, F. and Monti, A. and Muscas, C. and Pegoraro, P.A. and Sulis, S.}, 
journal={Instrumentation and Measurement, IEEE Transactions on}, 
title={Optimal Meter Placement for Robust Measurement Systems in Active Distribution Grids}, 
year={2014}, 
month={May}, 
volume={63}, 
number={5}, 
pages={1096-1105},
doi={10.1109/TIM.2013.2295657}, 
ISSN={0018-9456},}



@ARTICLE{Bucci2014, 
author={Bucci, G. and Fiorucci, E. and Ciancetta, F. and Luiso, M.}, 
journal={Instrumentation and Measurement, IEEE Transactions on}, 
title={Measuring System for Microelectric Power}, 
year={2014}, 
month={Feb}, 
volume={63}, 
number={2}, 
pages={410-421}, 
doi={10.1109/TIM.2013.2280475}, 
ISSN={0018-9456},}


@ARTICLE{Toth2005, 
author={Toth, E. and Franco, A.M.R. and Debatin, R.M.}, 
journal={Instrumentation and Measurement, IEEE Transactions on}, 
title={Power and energy reference system, applying dual-channel sampling}, 
year={2005}, 
month={Feb}, 
volume={54}, 
number={1}, 
pages={404-408}, 
doi={10.1109/TIM.2004.839772}, 
ISSN={0018-9456},}


@ARTICLE{Reza2015, 
author={Reza, M.S. and Ciobotaru, M. and Agelidis, V.G.}, 
journal={Instrumentation and Measurement, IEEE Transactions on}, 
title={Power System Frequency Estimation by Using a Newton-Type Technique for Smart Meters}, 
year={2015}, 
month={March}, 
volume={64}, 
number={3}, 
pages={615-624}, 
doi={10.1109/TIM.2014.2347671}, 
ISSN={0018-9456},}


@ARTICLE{Kawagoe2010, 
author={Kawagoe, J. and Kawasaki, T.}, 
journal={Instrumentation and Measurement, IEEE Transactions on}, 
title={A New Precision Digital Phase Meter and Its Simple Calibration Method}, 
year={2010}, 
month={Feb}, 
volume={59}, 
number={2}, 
pages={396-403}, 
doi={10.1109/TIM.2009.2024366}, 
ISSN={0018-9456},}


@ARTICLE{Sarkar2007, 
author={Sarkar, A. and Sengupta, S.}, 
journal={Instrumentation and Measurement, IEEE Transactions on}, 
title={A Low-Cost Fault-Tolerant Real, Reactive, and Apparent Power Measurement Technique Using Microprocessor}, 
year={2007}, 
month={Dec}, 
volume={56}, 
number={6}, 
pages={2672-2680}, 
doi={10.1109/TIM.2007.907946}, 
ISSN={0018-9456},}

@inproceedings{Jiang:2009,
 author = {Jiang, Xiaofan and Van Ly, Minh and Taneja, Jay and Dutta, Prabal and Culler, David},
 title = {Experiences with a High-fidelity Wireless Building Energy Auditing Network},
 booktitle = {Proceedings of the 7th ACM Conference on Embedded Networked Sensor Systems},
 series = {SenSys '09},
 year = {2009},
 isbn = {978-1-60558-519-2},
 location = {Berkeley, California},
 pages = {113--126},
 numpages = {14},
 url = {http://doi.acm.org/10.1145/1644038.1644050},
 doi = {10.1145/1644038.1644050},
 acmid = {1644050},
 publisher = {ACM},
 address = {New York, NY, USA},
 keywords = {audit, building, energy, power, sensor networks, wireless},
} 

@INPROCEEDINGS{rel_work_2,
author={Cheang, J. and Cheng, W. and Gavrilov, D. and Schiller, B. and Smagin, V. and Gouzman, M.},
booktitle={Emerging Technologies for a Smarter World (CEWIT), 2014 11th International Conference Expo on},
title={High efficiency powering system for wireless sensor for AC monitoring in smart grid applications},
year={2014},
pages={1-5},
doi={10.1109/CEWIT.2014.7021142},
month={Oct},}

@INPROCEEDINGS{rel_work_1,
author={Fan Cai and Farantatos, E. and Huang, R. and Meliopoulos, A.P.S. and Papapolymerou, J.},
booktitle={Radio and Wireless Symposium (RWS), 2012 IEEE},
title={Self-powered smart meter with synchronized data},
year={2012},
pages={395-398},
doi={10.1109/RWS.2012.6175381},
ISSN={2164-2958},
month={Jan},}

@INPROCEEDINGS{rel_work_3,
author={Reinhardt, A. and Burkhardt, D. and Mogre, P.S. and Zaheer, M. and Steinmetz, R.},
booktitle={Local Computer Networks (LCN), 2011 IEEE 36th Conference on},
title={SmartMeter.KOM: A low-cost wireless sensor for distributed power metering},
year={2011},
pages={1032-1039},
doi={10.1109/LCN.2011.6115159},
ISSN={0742-1303},
month={Oct},}

@INPROCEEDINGS{rel_work_5,
author={Tzu-Chi Huang and Yao-Yi Yang and Yu-Huei Lee and Ming-Jhe Du and Shih-Hsien Cheng and Ke-Horng Chen},
booktitle={VLSI and System-on-Chip (VLSI-SoC), 2011 IEEE/IFIP 19th International Conference on},
title={A battery-free energy harvesting system with the switch capacitor sampler (SCS) technique for high power factor in smart meter applications},
year={2011},
pages={359-362},
doi={10.1109/VLSISoC.2011.6081609},
month={Oct},}

@inproceedings{datta2015lightweight,
  title={A lightweight framework for efficient M2M device management in oneM2M architecture},
  author={Datta, Soumya Kanti and Bonnet, Christian},
  booktitle={Recent Advances in Internet of Things (RIoT), 2015 International Conference on},
  pages={1--6},
  year={2015},
  organization={IEEE}
}

@inproceedings{datta2014cct,
  title={CCT: Connect and Control Things: A novel mobile application to manage M2M devices and endpoints},
  author={Datta, Soumya Kanti and Bonnet, Christian and Nikaein, Navid},
  booktitle={Intelligent Sensors, Sensor Networks and Information Processing (ISSNIP), 2014 IEEE Ninth International Conference on},
  pages={1--6},
  year={2014},
  organization={IEEE}
}

@inproceedings{gyrard2014enrich,
  title={Enrich machine-to-machine data with semantic web technologies for cross-domain applications},
  author={Gyrard, Amelie and Bonnet, Christian and Boudaoud, Karima},
  booktitle={Internet of Things (WF-IoT), 2014 IEEE World Forum on},
  pages={559--564},
  year={2014},
  organization={IEEE}
}
@article{weis2007rfid,
  title={Rfid (radio frequency identification): Principles and applications},
  author={Weis, Stephen A},
  journal={System},
  volume={2},
  pages={3Principles},
  year={2007}
}

@inproceedings{krco2014designing,
  title={Designing IoT architecture (s): A European perspective},
  author={Krco, Srdan and Pokric, Boris and Carrez, Francois},
  booktitle={Internet of Things (WF-IoT), 2014 IEEE World Forum on},
  pages={79--84},
  year={2014},
  organization={IEEE}
}

@inproceedings{di2015design,
  title={Design of a low cost multipurpose wireless sensor network},
  author={Di Nisio, A and Di Noia, T and Carducci, C and Spadavecchia, M},
  booktitle={Measurements \& Networking (M\&N), 2015 IEEE International Workshop on},
  pages={1--6},
  year={2015},
  organization={IEEE}
}

@article{dattafog,
  title={Fog Computing Architecture to Enable Consumer Centric Internet of Things Services},
  author={Datta, Soumya Kanti and Bonnet, Christian and Haerri, Jerome}
}

@misc{CORE,
  title = {Constrained RESTful enviroments},
  howpublished = {https://datatracker.ietf.org/wg/core/charter/},
  note = {Accessed: 2015-12-28}
  }
  
@misc{thingspeak,
  title = {ThingSpeak, the open data platform for the Internet of Things},
  howpublished = {\url{https://thingspeak.com/}},
  note = {Accessed: 2016-3-29}
  }
 
@misc{iot-a,
  title= {IoT-A European Project},
  howpublished = {\url{http://www.iot-a.eu/public/front-page}},
  note = {Accessed: 2016-3-29}
}

@misc{arduino,
  title= {Arduino},
  howpublished = {\url{http://www.arduino.cc/}},
  note = {Accessed: 2016-3-29}
}

@misc{bbblack,
  title= {BeagleBone Black},
  howpublished = {\url{http://beagleboard.org/black}},
  note = {Accessed: 2016-3-29}
}

@misc{xively,
  title= {Xively},
  howpublished = {\url{https://xively.com/}},
  note = {Accessed: 2016-3-29}
}

@misc{esp8266,
  title= {ESP 8266},
  howpublished = {\url{http://www.esp8266.com/}},
  note = {Accessed: 2016-3-29}
}

@misc{fiware,
  title= {FI-WARE Open Community},
  howpublished = {\url{https://www.fiware.org}},
  note = {Accessed: 2016-3-29}
}

@misc{machina,
title = {Global M2M market to grow to 27 billion devices, generating USD1.6 trillion revenue in 2024},
howpublished = {Machina Research},
note = {June 2015}
}
  
@misc{sparkfun,
  title = {SparkFun Electronics},
  howpublished = {\url{https://www.sparkfun.com/}},
  note = {Accessed: 2016-3-29}
  }
 @misc{sparkfundata,
  title = {SparkFun Open Data Cloud},
  howpublished = {\url{https://data.sparkfun.com/}},
  note = {Accessed: 2016-3-29}
  } 
  @misc{epa,
  title = {United States Environmental Protection Agency},
  howpublished = {\url{https://www3.epa.gov/}},
  note = {Accessed: 2016-3-29}
  }
  @misc{opensignal,
  title = {Open Signal},
  howpublished = {\url{http://opensignal.com/}},
  note = {Accessed: 2016-3-29}
  }
  @misc{espressif,
  title = {Espressif SDK Releases},
  howpublished = {\url{http://bbs.espressif.com/viewforum.php?f=46}},
  note = {Accessed: 2016-3-29}
  }
  
  @misc{omalwm2m,
  title = {Open Mobile Alliance lightweight Machine-To-Machine solution},
  howpublished = {\url{ttp://openmobilealliance.org/about-oma/work-program/m2m-enablers/}},
  note = {Accessed: 2016-3-29}
  }